@inproceedings{eriksson2021scalable,
  title={Scalable constrained Bayesian optimization},
  author={Eriksson, David and Poloczek, Matthias},
  booktitle={International Conference on Artificial Intelligence and Statistics},
  pages={730--738},
  year={2021},
  organization={PMLR}
}

@article{eriksson2019scalable,
  title={Scalable global optimization via local Bayesian optimization},
  author={Eriksson, David and Pearce, Michael and Gardner, Jacob and Turner, Ryan D and Poloczek, Matthias},
  journal={Advances in neural information processing systems},
  volume={32},
  year={2019}
}

@article{wilson2010copula,
  title={Copula processes},
  author={Wilson, Andrew G and Ghahramani, Zoubin},
  journal={Advances in Neural Information Processing Systems},
  volume={23},
  year={2010}
}

@inproceedings{hernandez2017parallel,
  title={Parallel and distributed Thompson sampling for large-scale accelerated exploration of chemical space},
  author={Hern{\'a}ndez-Lobato, Jos{\'e} Miguel and Requeima, James and Pyzer-Knapp, Edward O and Aspuru-Guzik, Al{\'a}n},
  booktitle={International conference on machine learning},
  pages={1470--1479},
  year={2017},
  organization={PMLR}
}

@article{thompson1933likelihood,
  title={On the likelihood that one unknown probability exceeds another in view of the evidence of two samples},
  author={Thompson, William R},
  journal={Biometrika},
  volume={25},
  number={3-4},
  pages={285--294},
  year={1933},
  publisher={Oxford University Press}
}

@article{hern2016general,
  title={A general framework for constrained Bayesian optimization using information-based search},
  author={Hern, Jos{\'e} Miguel and Gelbart, Michael A and Adams, Ryan P and Hoffman, Matthew W and Ghahramani, Zoubin and others},
  journal={Journal of Machine Learning Research},
  volume={17},
  number={160},
  pages={1--53},
  year={2016}
}

@article{picheny2016bayesian,
  title={Bayesian optimization under mixed constraints with a slack-variable augmented Lagrangian},
  author={Picheny, Victor and Gramacy, Robert B and Wild, Stefan and Le Digabel, Sebastien},
  journal={Advances in neural information processing systems},
  volume={29},
  year={2016}
}

@inproceedings{gardner2014bayesian,
  title={Bayesian optimization with inequality constraints.},
  author={Gardner, Jacob R and Kusner, Matt J and Xu, Zhixiang Eddie and Weinberger, Kilian Q and Cunningham, John P},
  booktitle={ICML},
  volume={2014},
  pages={937--945},
  year={2014}
}

@article{kramer2010review,
  title={A review of constraint-handling techniques for evolution strategies},
  author={Kramer, Oliver},
  journal={Applied Computational Intelligence and Soft Computing},
  volume={2010},
  pages={1--19},
  year={2010},
  publisher={Hindawi Limited London, UK, United Kingdom}
}

@book{powell1994direct,
  title={A direct search optimization method that models the objective and constraint functions by linear interpolation},
  author={Powell, Michael JD},
  year={1994},
  publisher={Springer}
}

@article{yuan2015recent,
  title={Recent advances in trust region algorithms},
  author={Yuan, Ya-xiang},
  journal={Mathematical Programming},
  volume={151},
  pages={249--281},
  year={2015},
  publisher={Springer}
}

@article{snelson2003warped,
  title={Warped gaussian processes},
  author={Snelson, Edward and Ghahramani, Zoubin and Rasmussen, Carl},
  journal={Advances in neural information processing systems},
  volume={16},
  year={2003}
}

@inproceedings{snoek2014input,
  title={Input warping for Bayesian optimization of non-stationary functions},
  author={Snoek, Jasper and Swersky, Kevin and Zemel, Rich and Adams, Ryan},
  booktitle={International Conference on Machine Learning},
  pages={1674--1682},
  year={2014},
  organization={PMLR}
}

@article{schonlau1998global,
  title={Global versus local search in constrained optimization of computer models},
  author={Schonlau, Matthias and Welch, William J and Jones, Donald R},
  journal={Lecture notes-monograph series},
  pages={11--25},
  year={1998},
  publisher={JSTOR}
}

@article{sobester2014engineering,
  title={Engineering design applications of surrogate-assisted optimization techniques},
  author={S{\'o}bester, Andr{\'a}s and Forrester, Alexander IJ and Toal, David JJ and Tresidder, Es and Tucker, Simon},
  journal={Optimization and Engineering},
  volume={15},
  pages={243--265},
  year={2014},
  publisher={Springer}
}

@article{parr2012infill,
  title={Infill sampling criteria for surrogate-based optimization with constraint handling},
  author={Parr, James M and Keane, Andy J and Forrester, Alexander IJ and Holden, Carren ME},
  journal={Engineering Optimization},
  volume={44},
  number={10},
  pages={1147--1166},
  year={2012},
  publisher={Taylor \& Francis}
}

@article{wang2016bayesian,
  title={Bayesian optimization in a billion dimensions via random embeddings},
  author={Wang, Ziyu and Hutter, Frank and Zoghi, Masrour and Matheson, David and De Feitas, Nando},
  journal={Journal of Artificial Intelligence Research},
  volume={55},
  pages={361--387},
  year={2016}
}

@article{eriksson2018scaling,
  title={Scaling Gaussian process regression with derivatives},
  author={Eriksson, David and Dong, Kun and Lee, Eric and Bindel, David and Wilson, Andrew G},
  journal={Advances in neural information processing systems},
  volume={31},
  year={2018}
}

@inproceedings{rolland2018high,
  title={High-dimensional Bayesian optimization via additive models with overlapping groups},
  author={Rolland, Paul and Scarlett, Jonathan and Bogunovic, Ilija and Cevher, Volkan},
  booktitle={International conference on artificial intelligence and statistics},
  pages={298--307},
  year={2018},
  organization={PMLR}
}

@book{spall2005introduction,
  title={Introduction to stochastic search and optimization: estimation, simulation, and control},
  author={Spall, James C},
  year={2005},
  publisher={John Wiley \& Sons}
}

@article{gardner2018gpytorch,
  title={Gpytorch: Blackbox matrix-matrix gaussian process inference with gpu acceleration},
  author={Gardner, Jacob and Pleiss, Geoff and Weinberger, Kilian Q and Bindel, David and Wilson, Andrew G},
  journal={Advances in neural information processing systems},
  volume={31},
  year={2018}
}

@article{charlierkeops,
  title={KeOps, 2018},
  author={Charlier, B and Feydy, J and Glaun{\'e}s, JA},
  journal={URL https://github. com/getkeops/keops}
}

@article{bernardo2011optimization,
  title={Optimization under unknown constraints},
  author={Bernardo, J and Bayarri, MJ and Berger, JO and Dawid, AP and Heckerman, D and Smith, AFM and West, M},
  journal={Bayesian Statistics},
  volume={9},
  number={9},
  pages={229},
  year={2011},
  publisher={Oxford University Press New York}
}

@inproceedings{gelbart2014bayesian,
  title={Bayesian optimization with unknown constraints},
  author={Gelbart, Michael A and Snoek, Jasper and Adams, Ryan P},
  booktitle={30th Conference on Uncertainty in Artificial Intelligence, UAI 2014},
  pages={250--259},
  year={2014},
  organization={AUAI Press}
}

@article{roberts2009examples,
  title={Examples of adaptive MCMC},
  author={Roberts, Gareth O and Rosenthal, Jeffrey S},
  journal={Journal of computational and graphical statistics},
  volume={18},
  number={2},
  pages={349--367},
  year={2009},
  publisher={Taylor \& Francis}
}